{
  "leader": "03145cam a2200601 i 4500",
  "fields": [
    {
      "001": "ocm02983974\\"
    },
    {
      "003": "OCoLC"
    },
    {
      "005": "20211117033635.0"
    },
    {
      "008": "770505s1977\\\\\\\\maua\\\\\\\\\\b\\\\\\\\001\\0\\eng\\\\"
    },
    {
      "010": {
        "ind1": "\\",
        "ind2": "\\",
        "subfields": [
          {
            "a": "   77008307 "
          }
        ]
      }
    },
    {
      "040": {
        "ind1": "\\",
        "ind2": "\\",
        "subfields": [
          {
            "a": "DLC"
          },
          {
            "b": "eng"
          },
          {
            "c": "DLC"
          },
          {
            "d": "CHS"
          },
          {
            "d": "OCL"
          },
          {
            "d": "NLM"
          },
          {
            "d": "MUQ"
          },
          {
            "d": "BAKER"
          },
          {
            "d": "NLGGC"
          },
          {
            "d": "BTCTA"
          },
          {
            "d": "OCLCG"
          },
          {
            "d": "AU@"
          },
          {
            "d": "YJL"
          },
          {
            "d": "YDXCP"
          },
          {
            "d": "GTA"
          },
          {
            "d": "OCLCA"
          },
          {
            "d": "OCLCO"
          },
          {
            "d": "ZWZ"
          },
          {
            "d": "OCLCF"
          },
          {
            "d": "OCLCQ"
          },
          {
            "d": "OCLCO"
          },
          {
            "d": "OCLCQ"
          },
          {
            "d": "OCLCO"
          },
          {
            "d": "CASUM"
          },
          {
            "d": "OCLCO"
          },
          {
            "d": "TYC"
          },
          {
            "d": "OCLCA"
          },
          {
            "d": "WURST"
          },
          {
            "d": "OCLCA"
          },
          {
            "d": "L2U"
          },
          {
            "d": "OCLCO"
          }
        ]
      }
    },
    {
      "016": {
        "ind1": "7",
        "ind2": "\\",
        "subfields": [
          {
            "a": "7705055"
          },
          {
            "2": "DNLM"
          }
        ]
      }
    },
    {
      "019": {
        "ind1": "\\",
        "ind2": "\\",
        "subfields": [
          {
            "a": "41299275"
          },
          {
            "a": "1166418273"
          },
          {
            "a": "1166486593"
          }
        ]
      }
    },
    {
      "020": {
        "ind1": "\\",
        "ind2": "\\",
        "subfields": [
          {
            "a": "0674300750"
          }
        ]
      }
    },
    {
      "020": {
        "ind1": "\\",
        "ind2": "\\",
        "subfields": [
          {
            "a": "9780674300750"
          }
        ]
      }
    },
    {
      "035": {
        "ind1": "\\",
        "ind2": "\\",
        "subfields": [
          {
            "a": "(OCoLC)2983974"
          },
          {
            "z": "(OCoLC)41299275"
          },
          {
            "z": "(OCoLC)1166418273"
          },
          {
            "z": "(OCoLC)1166486593"
          }
        ]
      }
    },
    {
      "043": {
        "ind1": "\\",
        "ind2": "\\",
        "subfields": [
          {
            "a": "n-us---"
          }
        ]
      }
    },
    {
      "050": {
        "ind1": "\\",
        "ind2": "0",
        "subfields": [
          {
            "a": "RA643"
          },
          {
            "b": ".D64"
          }
        ]
      }
    },
    {
      "060": {
        "ind1": "0",
        "ind2": "0",
        "subfields": [
          {
            "a": "WC 11 AA1"
          },
          {
            "b": "D7f 1977"
          }
        ]
      }
    },
    {
      "082": {
        "ind1": "0",
        "ind2": "0",
        "subfields": [
          {
            "a": "616.90904"
          },
          {
            "b": "DOW"
          }
        ]
      }
    },
    {
      "049": {
        "ind1": "\\",
        "ind2": "\\",
        "subfields": [
          {
            "a": "NYRV"
          }
        ]
      }
    },
    {
      "100": {
        "ind1": "1",
        "ind2": "\\",
        "subfields": [
          {
            "a": "Dowling, Harry F."
          },
          {
            "q": "(Harry Filmore),"
          },
          {
            "d": "1904-2000."
          }
        ]
      }
    },
    {
      "245": {
        "ind1": "1",
        "ind2": "0",
        "subfields": [
          {
            "a": "Fighting infection :"
          },
          {
            "b": "conquests of the twentieth century /"
          },
          {
            "c": "Harry F. Dowling."
          }
        ]
      }
    },
    {
      "260": {
        "ind1": "\\",
        "ind2": "\\",
        "subfields": [
          {
            "a": "Cambridge, Mass. :"
          },
          {
            "b": "Harvard University Press,"
          },
          {
            "c": "1977."
          }
        ]
      }
    },
    {
      "300": {
        "ind1": "\\",
        "ind2": "\\",
        "subfields": [
          {
            "a": "vii, 339 pages :"
          },
          {
            "b": "illustrations ;"
          },
          {
            "c": "24 cm."
          }
        ]
      }
    },
    {
      "336": {
        "ind1": "\\",
        "ind2": "\\",
        "subfields": [
          {
            "a": "text"
          },
          {
            "b": "txt"
          },
          {
            "2": "rdacontent"
          }
        ]
      }
    },
    {
      "337": {
        "ind1": "\\",
        "ind2": "\\",
        "subfields": [
          {
            "a": "unmediated"
          },
          {
            "b": "n"
          },
          {
            "2": "rdamedia"
          }
        ]
      }
    },
    {
      "338": {
        "ind1": "\\",
        "ind2": "\\",
        "subfields": [
          {
            "a": "volume"
          },
          {
            "b": "nc"
          },
          {
            "2": "rdacarrier"
          }
        ]
      }
    },
    {
      "490": {
        "ind1": "1",
        "ind2": "\\",
        "subfields": [
          {
            "a": "Commonwealth Fund book"
          }
        ]
      }
    },
    {
      "500": {
        "ind1": "\\",
        "ind2": "\\",
        "subfields": [
          {
            "a": "\"A Commonwealth Fund book.\""
          }
        ]
      }
    },
    {
      "504": {
        "ind1": "\\",
        "ind2": "\\",
        "subfields": [
          {
            "a": "Includes bibliographical references and index."
          }
        ]
      }
    },
    {
      "505": {
        "ind1": "0",
        "ind2": "\\",
        "subfields": [
          {
            "a": "The field of battle -- Control by public health measures -- Prevention and immunization -- Treatment with serum -- Streptococcal infections -- Tuberculosis -- The venereal diseases -- The sulfonamides -- Penicillin -- Streptomycin and chemotherapy of tuberculosis -- Other diseases and other antibiotics -- The newer vaccines -- The continuing war."
          }
        ]
      }
    },
    {
      "520": {
        "ind1": "\\",
        "ind2": "\\",
        "subfields": [
          {
            "a": "\"One of the great success stories of the twentieth century unfolds in this readable history of the diagnosis, prevention, and treatment of infectious diseases. The author, a physician who participated in many of the events he describes, offers fascinating new insights into the medical discoveries that have led to the seemingly miraculous relief experienced by patients suffering from infection.\"--Jacket."
          }
        ]
      }
    },
    {
      "650": {
        "ind1": "\\",
        "ind2": "0",
        "subfields": [
          {
            "a": "Communicable diseases"
          },
          {
            "x": "History."
          }
        ]
      }
    },
    {
      "650": {
        "ind1": "\\",
        "ind2": "0",
        "subfields": [
          {
            "a": "Communicable diseases"
          },
          {
            "z": "United States"
          },
          {
            "x": "History."
          }
        ]
      }
    },
    {
      "650": {
        "ind1": "\\",
        "ind2": "2",
        "subfields": [
          {
            "a": "Communicable Disease Control"
          },
          {
            "x": "history."
          },
          {
            "0": "https://id.nlm.nih.gov/mesh/D003140Q000266"
          }
        ]
      }
    },
    {
      "650": {
        "ind1": "\\",
        "ind2": "2",
        "subfields": [
          {
            "a": "Communicable Diseases"
          },
          {
            "x": "therapy."
          },
          {
            "0": "https://id.nlm.nih.gov/mesh/D003141Q000628"
          }
        ]
      }
    },
    {
      "651": {
        "ind1": "\\",
        "ind2": "2",
        "subfields": [
          {
            "a": "United States."
          },
          {
            "0": "https://id.nlm.nih.gov/mesh/D014481"
          }
        ]
      }
    },
    {
      "650": {
        "ind1": "\\",
        "ind2": "7",
        "subfields": [
          {
            "a": "Communicable diseases."
          },
          {
            "2": "fast"
          },
          {
            "0": "(OCoLC)fst00869883"
          }
        ]
      }
    },
    {
      "651": {
        "ind1": "\\",
        "ind2": "7",
        "subfields": [
          {
            "a": "United States."
          },
          {
            "2": "fast"
          },
          {
            "0": "(OCoLC)fst01204155"
          }
        ]
      }
    },
    {
      "653": {
        "ind1": "0",
        "ind2": "0",
        "subfields": [
          {
            "a": "ziektebestrijding"
          }
        ]
      }
    },
    {
      "653": {
        "ind1": "0",
        "ind2": "0",
        "subfields": [
          {
            "a": "disease control"
          }
        ]
      }
    },
    {
      "653": {
        "ind1": "0",
        "ind2": "0",
        "subfields": [
          {
            "a": "infectieziekten"
          }
        ]
      }
    },
    {
      "653": {
        "ind1": "0",
        "ind2": "0",
        "subfields": [
          {
            "a": "infectious diseases"
          }
        ]
      }
    },
    {
      "653": {
        "ind1": "0",
        "ind2": "0",
        "subfields": [
          {
            "a": "volksgezondheidsbevordering"
          }
        ]
      }
    },
    {
      "653": {
        "ind1": "0",
        "ind2": "0",
        "subfields": [
          {
            "a": "sanitation"
          }
        ]
      }
    },
    {
      "653": {
        "ind1": "1",
        "ind2": "0",
        "subfields": [
          {
            "a": "Human Pathology"
          }
        ]
      }
    },
    {
      "653": {
        "ind1": "1",
        "ind2": "0",
        "subfields": [
          {
            "a": "Humane pathologie"
          }
        ]
      }
    },
    {
      "655": {
        "ind1": "\\",
        "ind2": "7",
        "subfields": [
          {
            "a": "History."
          },
          {
            "2": "fast"
          },
          {
            "0": "(OCoLC)fst01411628"
          }
        ]
      }
    },
    {
      "776": {
        "ind1": "0",
        "ind2": "8",
        "subfields": [
          {
            "i": "Online version:"
          },
          {
            "a": "Dowling, Harry Filmore, 1904-"
          },
          {
            "t": "Fighting infection."
          },
          {
            "d": "Cambridge, Mass. : Harvard University Press, 1977"
          },
          {
            "w": "(OCoLC)610482143"
          }
        ]
      }
    },
    {
      "830": {
        "ind1": "\\",
        "ind2": "0",
        "subfields": [
          {
            "a": "Commonwealth Fund book."
          }
        ]
      }
    },
    {
      "999": {
        "ind1": "\\",
        "ind2": "\\",
        "subfields": [
          {
            "a": "No barcode."
          }
        ]
      }
    },
    {
      "994": {
        "ind1": "\\",
        "ind2": "\\",
        "subfields": [
          {
            "a": "C0"
          },
          {
            "b": "NYRVC"
          }
        ]
      }
    }
  ]
}